<?xml version='1.0' encoding='utf-8'?>
<record xmlns="http://www.loc.gov/MARC21/slim" xmlns:xsi="http://www.w3.org/2001/XMLSchema-instance" xsi:schemaLocation="http://www.loc.gov/MARC21/slim http://www.loc.gov/standards/marcxml/schema/MARC21slim.xsd">
  <leader>00000npca 22004811a 4500</leader>
  <controlfield tag="005">20150121172031.0</controlfield>
  <controlfield tag="008">940609i18469999miu     |           eng |</controlfield>
  <datafield tag="035" ind1=" " ind2=" ">
    <subfield code="a">(RLIN)MIUV87-A79</subfield>
  </datafield>
  <datafield tag="035" ind1=" " ind2=" ">
    <subfield code="a">(OCoLC)ocm34419401</subfield>
  </datafield>
  <datafield tag="040" ind1=" " ind2=" ">
    <subfield code="a">MiU-H</subfield>
    <subfield code="c">MiU-H</subfield>
    <subfield code="e">appm</subfield>
    <subfield code="d">MiU</subfield>
  </datafield>
  <datafield tag="110" ind1="2" ind2=" ">
    <subfield code="a">University of Michigan.</subfield>
    <subfield code="b">College of Literature, Science, and the Arts.</subfield>
  </datafield>
  <datafield tag="245" ind1="1" ind2="0">
    <subfield code="a">College of Literature, Science and the Arts (University of Michigan) records,</subfield>
    <subfield code="f">1846-[ongoing].</subfield>
  </datafield>
  <datafield tag="300" ind1=" " ind2=" ">
    <subfield code="a">518 linear feet and 3 oversize volumes.</subfield>
  </datafield>
  <datafield tag="545" ind1="1" ind2=" ">
    <subfield code="a">The College of Literature, Science and the Arts commenced classes in 1841 as the Department of LS&amp;A with two faculty members. In 1916 the department became the College of LS&amp;A, and in ensuing years, originated a number of new departments.</subfield>
    <subfield code="b">In 1925, honors courses were introduced; in 1931 a program of concentrated study for specific degrees and the development of counseling services.</subfield>
  </datafield>
  <datafield tag="545" ind1="1" ind2=" ">
    <subfield code="b">By 1933, the administration of the college was restructured and an executive committee appointed to develop policy regarding budgets, promotions, and appointments. Beginning in the late 1960s, new educational concepts were developed, such as the Residential College, the Course Mart curriculum, and new interdisciplinary programs. Further revamping took place in the late 1980s and early 1990s during Edie Goldenberg's tenure as dean.</subfield>
  </datafield>
  <datafield tag="545" ind1="1" ind2=" ">
    <subfield code="b">The Undergraduate Initiative reduced class size and launched new initiatives, such as Theme Semester, Undergraduate Research Opportunity Program, and residential learning communities. The college is currently one of the largest liberal arts colleges in the United States with more than 104 academic programs and six museums under its management.</subfield>
  </datafield>
  <datafield tag="520" ind1="2" ind2=" ">
    <subfield code="a">Records spanning more than a century and a half, dating from 1846. Dean's files typically include budgetary materials, policy statements, administrative reports, and topical files. From approximately 1957, the dean's records include a separate subseries of departmental files, documenting the increasing complexity of the college's relationship with various LS&amp;A departments, museums, centers, and programs.</subfield>
  </datafield>
  <datafield tag="520" ind1="2" ind2=" ">
    <subfield code="a">In addition to Dean's files, the records in later years include an Administrative series, which holds agendas and minutes of executive, curriculum, and faculty meetings; a Reports and Reviews series which is comprised of internal and external evaluation documentation; and records from the office of the Associate Dean for Research and Facilities, which include planning for space and equipment needs during a period of rapid growth in the use of computer technology for teaching and learning.</subfield>
  </datafield>
  <datafield tag="506" ind1=" " ind2=" ">
    <subfield code="a">Restricted access in part.</subfield>
  </datafield>
  <datafield tag="555" ind1="0" ind2=" ">
    <subfield code="a">Finding aid in the library.</subfield>
  </datafield>
  <datafield tag="500" ind1=" " ind2=" ">
    <subfield code="a">Donor: 1665</subfield>
  </datafield>
  <datafield tag="555" ind1="0" ind2=" ">
    <subfield code="a">Finding aid available via World Wide Web at URL: http://quod.lib.umich.edu/cgi/f/findaid/findaid-idx?c=bhlead&amp;idno=umich-bhl-8779</subfield>
  </datafield>
  <datafield tag="610" ind1="2" ind2="0">
    <subfield code="a">University of Michigan</subfield>
    <subfield code="x">Administration.</subfield>
  </datafield>
  <datafield tag="600" ind1="1" ind2="0">
    <subfield code="a">Frye, B. E.</subfield>
    <subfield code="q">(Billy Eugene)</subfield>
  </datafield>
  <datafield tag="600" ind1="1" ind2="0">
    <subfield code="a">Rhodes, Frank Harold Trevor.</subfield>
  </datafield>
  <datafield tag="600" ind1="1" ind2="0">
    <subfield code="a">Steiner, Peter Otto,</subfield>
    <subfield code="d">1922-</subfield>
  </datafield>
  <datafield tag="610" ind1="2" ind2="0">
    <subfield code="a">University of Michigan.</subfield>
    <subfield code="b">College of Literature, Science, and the Arts.</subfield>
  </datafield>
  <datafield tag="650" ind1=" " ind2="0">
    <subfield code="a">Universities and colleges</subfield>
    <subfield code="x">Departments</subfield>
    <subfield code="x">Evaluations.</subfield>
  </datafield>
  <datafield tag="700" ind1="1" ind2=" ">
    <subfield code="a">Effinger, John R.</subfield>
    <subfield code="q">(John Robert),</subfield>
    <subfield code="d">1869-1933.</subfield>
  </datafield>
  <datafield tag="700" ind1="1" ind2=" ">
    <subfield code="a">Haber, William,</subfield>
    <subfield code="d">1899-1988.</subfield>
  </datafield>
  <datafield tag="700" ind1="1" ind2=" ">
    <subfield code="a">Hays, William L.</subfield>
    <subfield code="q">(William Lee),</subfield>
    <subfield code="d">1926-1995.</subfield>
  </datafield>
  <datafield tag="700" ind1="1" ind2=" ">
    <subfield code="a">Heyns, Roger W.</subfield>
    <subfield code="q">(Roger William),</subfield>
    <subfield code="d">1918-1995.</subfield>
  </datafield>
  <datafield tag="700" ind1="1" ind2=" ">
    <subfield code="a">Keniston, Hayward,</subfield>
    <subfield code="d">1883-1970.</subfield>
  </datafield>
  <datafield tag="700" ind1="1" ind2=" ">
    <subfield code="a">Kraus, Edward Henry,</subfield>
    <subfield code="d">1875-1973.</subfield>
  </datafield>
  <datafield tag="700" ind1="1" ind2=" ">
    <subfield code="a">Odegaard, Charles E.</subfield>
  </datafield>
  <datafield tag="700" ind1="1" ind2=" ">
    <subfield code="a">Frost, Robert,</subfield>
    <subfield code="d">1874-1963.</subfield>
  </datafield>
  <datafield tag="700" ind1="1" ind2=" ">
    <subfield code="a">Leopold, Nathan Freudenthal,</subfield>
    <subfield code="d">1904-1971.</subfield>
  </datafield>
  <datafield tag="700" ind1="1" ind2=" ">
    <subfield code="a">Sussman, Alfred S.</subfield>
  </datafield>
  <datafield tag="700" ind1="1" ind2=" ">
    <subfield code="a">Goldenberg, Edie N.</subfield>
  </datafield>
  <datafield tag="700" ind1="1" ind2=" ">
    <subfield code="a">Neuman, S. C.</subfield>
    <subfield code="q">(Shirley C.)</subfield>
  </datafield>
  <datafield tag="700" ind1="1" ind2=" ">
    <subfield code="a">McDonald, Terrence J.</subfield>
  </datafield>
  <datafield tag="852" ind1=" " ind2=" ">
    <subfield code="a">Bentley Historical Library,</subfield>
    <subfield code="b">University of Michigan,</subfield>
    <subfield code="c">Ann Arbor, Michigan 48109-2113</subfield>
  </datafield>
  <datafield tag="856" ind1="4" ind2="2">
    <subfield code="3">Finding aid:</subfield>
    <subfield code="u">http://quod.lib.umich.edu/cgi/f/findaid/findaid-idx?c=bhlead&amp;idno=umich-bhl-8779</subfield>
  </datafield>
  <datafield tag="997" ind1=" " ind2=" ">
    <subfield code="a">MARS</subfield>
  </datafield>
  <datafield tag="998" ind1=" " ind2=" ">
    <subfield code="s">9554</subfield>
  </datafield>
</record>
